@article{Boccara,
author = {Boccara, Nino},
year = {2004},
month = {08},
pages = {1-410},
title = {Modeling Complex Systems},
isbn = {978-1-4419-6561-5},
journal = {Book},
doi = {10.1007/978-1-4419-6562-2}
}

